%% This BibTeX bibliography file was created using BibDesk.
%% http://bibdesk.sourceforge.net/

%% Created for King Cheung at 2018-01-21 01:25:50 +0000 


%% Saved with string encoding Unicode (UTF-8) 



@article{dimacsFormat,
	Date-Added = {2018-01-21 01:21:42 +0000},
	Date-Modified = {2018-01-21 01:25:50 +0000},
	Journal = {http://www.domagoj-babic.com/uploads/ResearchProjects/Spear/dimacs-cnf.pdf},
	Title = {Satisfiability Suggested Format},
	Year = {1993}}

@article{satComp,
	Date-Added = {2018-01-21 01:14:37 +0000},
	Date-Modified = {2018-01-21 01:15:48 +0000},
	Title = {http://www.satcompetition.org},
	Year = {2018}}

@article{machineLearningFeatures,
	Author = {Enrique Matos Alfonso},
	Date-Added = {2018-01-21 01:01:40 +0000},
	Date-Modified = {2018-01-21 01:03:12 +0000},
	Journal = {Master Thesis - Technische Universit{\"a}t Dresden},
	Title = {Increasing the Robustness of SAT Solving with Machine Learning Techniques},
	Year = {2014}}

@article{satzilla,
	Author = {Lin Xu and Frank Hutter and Holger H. Hoos and Kevin Leyton-Brown},
	Date-Added = {2018-01-21 00:57:53 +0000},
	Date-Modified = {2018-01-21 00:59:11 +0000},
	Journal = {Journal of Artificial Intelligence Research 32 (2008) 565-606},
	Title = {SATzilla: Portfolio-based Algorithm Selection for SAT},
	Year = {2008}}

@article{WalkSat,
	Author = {Bart Selman and Henry Kautz AND Bram Cohen},
	Date-Added = {2018-01-21 00:40:30 +0000},
	Date-Modified = {2018-01-21 00:42:52 +0000},
	Journal = {DIMACS Series in Discrete Mathematics and Theoretical Computer Science},
	Title = {Local Search Strategies for Satisfiability Testing},
	Year = {1995}}

@article{firstUIPbacktrack,
	Author = {Lintao Zhang and Conor F. Madigan and Matthew H. Moskewicz and Sharad Malik},
	Date-Added = {2018-01-21 00:37:33 +0000},
	Date-Modified = {2018-01-21 00:38:40 +0000},
	Journal = {IEEE/ACM international conference on Computer-aided design},
	Title = {Efficient Conflict Driven Learning in a Boolean Satisfiability Solver},
	Year = {2001}}

@article{chaff,
	Author = {Matthew W. Moskewicz and Conor F. Madigan and Ying Zhao and Lintao Zhang and Sharad Malik},
	Date-Added = {2018-01-21 00:22:55 +0000},
	Date-Modified = {2018-01-21 00:28:59 +0000},
	Journal = {ACM},
	Title = {Chaff: Engineering an Efficient SAT Solver SAT Solver},
	Year = {2001}}

@article{DPLL-Implementation,
	Author = {Carla P. Gomes and Henry Kautz and Ashish Sabharwal and Bart Selman},
	Date-Added = {2018-01-20 20:23:30 +0000},
	Date-Modified = {2018-01-20 20:25:44 +0000},
	Journal = {Handbook of Knowledge Representation},
	Title = {Satisfiability Solvers},
	Year = {2008},
	Bdsk-File-1 = {YnBsaXN0MDDUAQIDBAUGJCVYJHZlcnNpb25YJG9iamVjdHNZJGFyY2hpdmVyVCR0b3ASAAGGoKgHCBMUFRYaIVUkbnVsbNMJCgsMDxJXTlMua2V5c1pOUy5vYmplY3RzViRjbGFzc6INDoACgAOiEBGABIAFgAdccmVsYXRpdmVQYXRoWWFsaWFzRGF0YV8QaC4uLy4uLy4uLy4uL3Zhci9mb2xkZXJzL25yL2s2amR5dzBzMDIxZ2psODhobXIyM2x6cjAwMDBnbi9UL1dlYktpdFBERnMtdDc0RUFXL1NBVFNvbHZlcnMtS1ItSGFuZGJvb2sucGRm0hcLGBlXTlMuZGF0YU8RAeAAAAAAAeAAAgAADE1hY2ludG9zaCBIRAAAAAAAAAAAAAAAAAAAAAAAAABCRAAB/////xpTQVRTb2x2ZXJzLUtSLUhhbmRib29rLnBkZgAAAAAAAAAAAAAAAAAAAAAAAAAAAAAAAAAAAAAAAAAAAAAAAAD/////AAAAAAAAAAAAAAAAAAQACAAACiBjdQAAAAAAAAAAAAAAAAARV2ViS2l0UERGcy10NzRFQVcAAAIAZi86cHJpdmF0ZTp2YXI6Zm9sZGVyczpucjprNmpkeXcwczAyMWdqbDg4aG1yMjNsenIwMDAwZ246VDpXZWJLaXRQREZzLXQ3NEVBVzpTQVRTb2x2ZXJzLUtSLUhhbmRib29rLnBkZgAOADYAGgBTAEEAVABTAG8AbAB2AGUAcgBzAC0ASwBSAC0ASABhAG4AZABiAG8AbwBrAC4AcABkAGYADwAaAAwATQBhAGMAaQBuAHQAbwBzAGgAIABIAEQAEgBkcHJpdmF0ZS92YXIvZm9sZGVycy9uci9rNmpkeXcwczAyMWdqbDg4aG1yMjNsenIwMDAwZ24vVC9XZWJLaXRQREZzLXQ3NEVBVy9TQVRTb2x2ZXJzLUtSLUhhbmRib29rLnBkZgATAAEvAP//AACABtIbHB0eWiRjbGFzc25hbWVYJGNsYXNzZXNdTlNNdXRhYmxlRGF0YaMdHyBWTlNEYXRhWE5TT2JqZWN00hscIiNcTlNEaWN0aW9uYXJ5oiIgXxAPTlNLZXllZEFyY2hpdmVy0SYnVHJvb3SAAQAIABEAGgAjAC0AMgA3AEAARgBNAFUAYABnAGoAbABuAHEAcwB1AHcAhACOAPkA/gEGAuoC7ALxAvwDBQMTAxcDHgMnAywDOQM8A04DUQNWAAAAAAAAAgEAAAAAAAAAKAAAAAAAAAAAAAAAAAAAA1g=}}

@article{GRASP,
	Author = {Joa{\"A}o P. Marques-Silva and Karem A. Sakallah},
	Date-Added = {2018-01-20 19:32:02 +0000},
	Date-Modified = {2018-01-20 19:36:48 +0000},
	Journal = {IEEE TRANSACTIONS ON COMPUTERS, VOL. 48, NO. 5},
	Title = {GRASP: A Search Algorithm for Propositional Satisfiability},
	Year = {1999}}

@article{CDCL,
	Author = {Marques-Silva and Lynce, and Sharad Malik},
	Date-Added = {2018-01-20 19:28:43 +0000},
	Date-Modified = {2018-01-20 19:36:58 +0000},
	Journal = {Handbook Of Satisfiability Chapter 4.},
	Title = {Conflict-Driven Clause Learning SAT Solvers},
	Year = {2009},
	Bdsk-File-1 = {YnBsaXN0MDDUAQIDBAUGJCVYJHZlcnNpb25YJG9iamVjdHNZJGFyY2hpdmVyVCR0b3ASAAGGoKgHCBMUFRYaIVUkbnVsbNMJCgsMDxJXTlMua2V5c1pOUy5vYmplY3RzViRjbGFzc6INDoACgAOiEBGABIAFgAdccmVsYXRpdmVQYXRoWWFsaWFzRGF0YV8QXi4uLy4uLy4uLy4uL3Zhci9mb2xkZXJzL25yL2s2amR5dzBzMDIxZ2psODhobXIyM2x6cjAwMDBnbi9UL1dlYktpdFBERnMtdDc0RUFXL0ZBSUExODUtMDEzMS5wZGbSFwsYGVdOUy5kYXRhTxEBuAAAAAABuAACAAAMTWFjaW50b3NoIEhEAAAAAAAAAAAAAAAAAAAAAAAAAEJEAAH/////EEZBSUExODUtMDEzMS5wZGYAAAAAAAAAAAAAAAAAAAAAAAAAAAAAAAAAAAAAAAAAAAAAAAAAAAAAAAAAAAAAAP////8AAAAAAAAAAAAAAAAABAAIAAAKIGN1AAAAAAAAAAAAAAAAABFXZWJLaXRQREZzLXQ3NEVBVwAAAgBcLzpwcml2YXRlOnZhcjpmb2xkZXJzOm5yOms2amR5dzBzMDIxZ2psODhobXIyM2x6cjAwMDBnbjpUOldlYktpdFBERnMtdDc0RUFXOkZBSUExODUtMDEzMS5wZGYADgAiABAARgBBAEkAQQAxADgANQAtADAAMQAzADEALgBwAGQAZgAPABoADABNAGEAYwBpAG4AdABvAHMAaAAgAEgARAASAFpwcml2YXRlL3Zhci9mb2xkZXJzL25yL2s2amR5dzBzMDIxZ2psODhobXIyM2x6cjAwMDBnbi9UL1dlYktpdFBERnMtdDc0RUFXL0ZBSUExODUtMDEzMS5wZGYAEwABLwD//wAAgAbSGxwdHlokY2xhc3NuYW1lWCRjbGFzc2VzXU5TTXV0YWJsZURhdGGjHR8gVk5TRGF0YVhOU09iamVjdNIbHCIjXE5TRGljdGlvbmFyeaIiIF8QD05TS2V5ZWRBcmNoaXZlctEmJ1Ryb290gAEACAARABoAIwAtADIANwBAAEYATQBVAGAAZwBqAGwAbgBxAHMAdQB3AIQAjgDvAPQA/AK4AroCvwLKAtMC4QLlAuwC9QL6AwcDCgMcAx8DJAAAAAAAAAIBAAAAAAAAACgAAAAAAAAAAAAAAAAAAAMm}}

@article{DPLL,
	Author = {Davis and Logemann, and Loveland},
	Date-Added = {2018-01-20 19:23:44 +0000},
	Date-Modified = {2018-01-20 19:36:54 +0000},
	Journal = {Communications of the ACM},
	Title = {A Machine Program for Theorem Proving},
	Year = {1962},
	Bdsk-File-1 = {YnBsaXN0MDDUAQIDBAUGJCVYJHZlcnNpb25YJG9iamVjdHNZJGFyY2hpdmVyVCR0b3ASAAGGoKgHCBMUFRYaIVUkbnVsbNMJCgsMDxJXTlMua2V5c1pOUy5vYmplY3RzViRjbGFzc6INDoACgAOiEBGABIAFgAdccmVsYXRpdmVQYXRoWWFsaWFzRGF0YV8QVy4uLy4uLy4uLy4uL3Zhci9mb2xkZXJzL25yL2s2amR5dzBzMDIxZ2psODhobXIyM2x6cjAwMDBnbi9UL1dlYktpdFBERnMtdDc0RUFXL0RhdjYyLnBkZtIXCxgZV05TLmRhdGFPEQGeAAAAAAGeAAIAAAxNYWNpbnRvc2ggSEQAAAAAAAAAAAAAAAAAAAAAAAAAQkQAAf////8JRGF2NjIucGRmAAAAAAAAAAAAAAAAAAAAAAAAAAAAAAAAAAAAAAAAAAAAAAAAAAAAAAAAAAAAAAAAAAAAAAAA/////wAAAAAAAAAAAAAAAAAEAAgAAAogY3UAAAAAAAAAAAAAAAAAEVdlYktpdFBERnMtdDc0RUFXAAACAFUvOnByaXZhdGU6dmFyOmZvbGRlcnM6bnI6azZqZHl3MHMwMjFnamw4OGhtcjIzbHpyMDAwMGduOlQ6V2ViS2l0UERGcy10NzRFQVc6RGF2NjIucGRmAAAOABQACQBEAGEAdgA2ADIALgBwAGQAZgAPABoADABNAGEAYwBpAG4AdABvAHMAaAAgAEgARAASAFNwcml2YXRlL3Zhci9mb2xkZXJzL25yL2s2amR5dzBzMDIxZ2psODhobXIyM2x6cjAwMDBnbi9UL1dlYktpdFBERnMtdDc0RUFXL0RhdjYyLnBkZgAAEwABLwD//wAAgAbSGxwdHlokY2xhc3NuYW1lWCRjbGFzc2VzXU5TTXV0YWJsZURhdGGjHR8gVk5TRGF0YVhOU09iamVjdNIbHCIjXE5TRGljdGlvbmFyeaIiIF8QD05TS2V5ZWRBcmNoaXZlctEmJ1Ryb290gAEACAARABoAIwAtADIANwBAAEYATQBVAGAAZwBqAGwAbgBxAHMAdQB3AIQAjgDoAO0A9QKXApkCngKpArICwALEAssC1ALZAuYC6QL7Av4DAwAAAAAAAAIBAAAAAAAAACgAAAAAAAAAAAAAAAAAAAMF}}

@article{ModelChecking,
	Author = {Vizel and Weissenbacher, and Malik},
	Date-Added = {2018-01-20 18:55:07 +0000},
	Date-Modified = {2018-01-20 19:36:07 +0000},
	Journal = {Proceedings of the IEEE},
	Title = {Boolean Satisfiability Solvers and Their Applications in Model Checking},
	Year = {2015},
	Bdsk-File-1 = {YnBsaXN0MDDUAQIDBAUGJCVYJHZlcnNpb25YJG9iamVjdHNZJGFyY2hpdmVyVCR0b3ASAAGGoKgHCBMUFRYaIVUkbnVsbNMJCgsMDxJXTlMua2V5c1pOUy5vYmplY3RzViRjbGFzc6INDoACgAOiEBGABIAFgAdccmVsYXRpdmVQYXRoWWFsaWFzRGF0YV8QWi4uLy4uLy4uLy4uL3Zhci9mb2xkZXJzL25yL2s2amR5dzBzMDIxZ2psODhobXIyM2x6cjAwMDBnbi9UL1dlYktpdFBERnMtdDc0RUFXLzA3MjI1MTEwLnBkZtIXCxgZV05TLmRhdGFPEQGoAAAAAAGoAAIAAAxNYWNpbnRvc2ggSEQAAAAAAAAAAAAAAAAAAAAAAAAAQkQAAf////8MMDcyMjUxMTAucGRmAAAAAAAAAAAAAAAAAAAAAAAAAAAAAAAAAAAAAAAAAAAAAAAAAAAAAAAAAAAAAAAAAAAA/////wAAAAAAAAAAAAAAAAAEAAgAAAogY3UAAAAAAAAAAAAAAAAAEVdlYktpdFBERnMtdDc0RUFXAAACAFgvOnByaXZhdGU6dmFyOmZvbGRlcnM6bnI6azZqZHl3MHMwMjFnamw4OGhtcjIzbHpyMDAwMGduOlQ6V2ViS2l0UERGcy10NzRFQVc6MDcyMjUxMTAucGRmAA4AGgAMADAANwAyADIANQAxADEAMAAuAHAAZABmAA8AGgAMAE0AYQBjAGkAbgB0AG8AcwBoACAASABEABIAVnByaXZhdGUvdmFyL2ZvbGRlcnMvbnIvazZqZHl3MHMwMjFnamw4OGhtcjIzbHpyMDAwMGduL1QvV2ViS2l0UERGcy10NzRFQVcvMDcyMjUxMTAucGRmABMAAS8A//8AAIAG0hscHR5aJGNsYXNzbmFtZVgkY2xhc3Nlc11OU011dGFibGVEYXRhox0fIFZOU0RhdGFYTlNPYmplY3TSGxwiI1xOU0RpY3Rpb25hcnmiIiBfEA9OU0tleWVkQXJjaGl2ZXLRJidUcm9vdIABAAgAEQAaACMALQAyADcAQABGAE0AVQBgAGcAagBsAG4AcQBzAHUAdwCEAI4A6wDwAPgCpAKmAqsCtgK/As0C0QLYAuEC5gLzAvYDCAMLAxAAAAAAAAACAQAAAAAAAAAoAAAAAAAAAAAAAAAAAAADEg==}}
